<?xml version="1.0" encoding="UTF-8"?><collection xmlns="http://www.loc.gov/MARC21/slim"><record><leader>00403nam--2200133-i-4500</leader><controlfield tag="001">000045468</controlfield><controlfield tag="002">20161230</controlfield><controlfield tag="005">20161230201045</controlfield><controlfield tag="008">060222s1000------------r-----000-0-eng-d</controlfield><datafield ind1=" " ind2=" " tag="080"><subfield code="a">621.3</subfield></datafield><datafield ind1=" " ind2=" " tag="100"><subfield code="a">Trehov, M.I</subfield></datafield><datafield ind1=" " ind2=" " tag="245"><subfield code="a">Rationalizarea utilizarii energiei electrice in uzinele constructoare de masini. trad.din l.rusa. numai pt.uz intern</subfield></datafield><datafield ind1=" " ind2=" " tag="260"><subfield code="a">Bucuresti, M.E.E.I.E., 1951, 80p</subfield></datafield><datafield ind1=" " ind2=" " tag="852"><subfield code="a">26077</subfield></datafield></record></collection>